%%%%%%%%%%%%%%%%%%%%%%%%%%%%%% BUKU %%%%%%%%%%%%%%%%%%%%%%%%%%%%%%%

@incollection{buku.hasibua,
	author = {Hasibuan, Zainal A.},
	editor={},
	title = {Langkah-Langkah Strategis dan Taktis Pengembangan E-Government untuk Pemda},
	booktitle = {Jurnal Sistem Informasi-MTI UI (JSI) Vol. 3},
	year = {2007},
	isbn = {},
	pages = {66--70},
	numpages = {5},
	url = {},
	acmid = {},
	publisher = {Magister Teknologi Informasi Fasilkom},
	address = {Jakarta, Indonesia},
}

@incollection{buku.shackel,
	author = {Shackel, B.},
	editor={In J. Preece and L. Keller (eds.)},
	title = {Human factors and usability},
	booktitle = {HumanComputer Interaction: Selected Readings.},
	year = {1990},
	isbn = {},
	pages = {27--41},
	numpages = {14},
	url = {},
	acmid = {},
	publisher = {Prentice Hall},
	address = {London},
}

@incollection{buku.alsos,
	author = {Alsos, O.A.},
	editor={Abrahao, S. and Law, E.L. and Stage, J.},
	title = {A New Perspective on UX: The Indirect User Experience },
	booktitle = {Interplay between User Experience and Software Development},
	year = {2010},
	isbn = {},
	pages = {40--42},
	numpages = {3},
	url = {},
	acmid = {},
	publisher = {Ceur-ws.org},
	address = {Iceland},
}

@book{buku.rubin,
  title={Handbook of Usability Testing, Second Edition: How to Plan, Design, and Conduct Effective Tests},
  author={Rubin, J. and Chisnell, D.},
  isbn={9780470185483},
  lccn={},
  series={},
  url={http://as.wiley.com/WileyCDA/WileyTitle/productCd-0470185481.html},
  year={2008},
  publisher={Wiley Publishing, Inc.},
}

@book{buku.riduwan,
  title={Metode dan Teknik Menyusun Tesis},
  author={Riduwan},
  isbn={979-8433-11-7},
  lccn={},
  series={},
  url={},
  year={2008},
  publisher={CV Alfabeta},
}

@book{buku.dumas,
  title={Moderating Usability Tests: Principles and Practices for Interacting},
  author={Dumas, J.S. and Loring, B.A.},
  isbn={978-0-12-373933-9},
  lccn={},
  series={},
  url={},
  year={2008},
  publisher={Morgan Kaufmann Publishsers},
}


@book{buku.preece,
  title={Interaction Design : Beyond Human-Computer Interaction},
  author={Preece, J. and Rogers, Y. and Sharp, H.},
  isbn={0-471-49278-7},
  lccn={},
  series={},
  url={},
  year={2002},
  publisher={John Wiley \& Sons, Inc.},
}

@book{buku.ross,
  title={Introduction to Probability and Statistics for Engineers and Scientists Third Edition},
  author={Ross, Sheldon M.},
  isbn={0-12-598057-4},
  lccn={},
  series={},
  url={},
  year={2004},
  publisher={Elsevier Academic Press},
}


@book{buku.creswell,
  title={Research Design: Qualitative, Quantitative and Mixed Methods Approaches Second Edition},
  author={Creswell, J.W.},
  isbn={9780761924425},
  lccn={20025575},
  series={},
  url={https://books.google.co.id/books?id=EbogAQAAQBAJ&printsec},
  year={2003},
  publisher={Thousand Oaks: Sage Publications},
}

@book{buku.sugiyono,
  title={Statistika Untuk Penelitian},
  author={Sugiyono},
  isbn={979-8433-10-6},
  lccn={},
  series={},
  url={},
  year={2006},
  publisher={CV Alfabeta},
}

@book{buku.field,
  title={Discovering Statistics Using SPSS: Second Edition (and sex, drugs and rock 'n' roll},
  author={Field, Andy},
  isbn={10 0-7619-4451-5},
  lccn={2004099538},
  series={},
  url={},
  year={2005},
  publisher={SAGE Publications Inc.},
}

@book{buku.rob,
  title={eMarketing: The Essential Guide to Marketing in a Digital World 5th Edition},
  author={Stokes, Rob.},
  isbn={},
  lccn={},
  series={},
  url={},
  year={2014},
  publisher={Quirk eMarketing Ltd.},
}

@book{buku.garrett,
  title={The Elements of User Experience Second Edition},
  author={Garrett, J.J.},
  isbn={978-0-321-68368-7},
  lccn={},
  series={},
  url={},
  year={2011},
  publisher={Amerika: New Riders.},
}

@book{buku.george,
  title={SPSS for Windows Step by Step: A Simple Guide and Reference, 11.0 Update (4th Edition)},
  author={George, D. and Mallery, P.},
  isbn={978-0205375523},
  lccn={},
  series={},
  url={},
  year={2002},
  publisher={Allyn \& Bacon},
}

@book{buku.un,
  title={Benchmarking E-government : A Global Perspective},
  author={United Nations \& American Society for Public Administration},
  isbn={},
  lccn={},
  series={},
  url={},
  year={2002},
  publisher={U.N. Publications},
}
%%%%%%%%%%%%%%%%%%%%%%%%%%%%%% Artikel %%%%%%%%%%%%%%%%%%%%%%%%%%%%%%%



%%%%%%%%%%%%%%%%%%%%%%%%%%%%%% PAPER %%%%%%%%%%%%%%%%%%%%%%%%%%%%%%%
@INPROCEEDINGS{paper.un,
	author = {United Nations and American Society for Public Administration},
	title = {Benchmarking E-government : A Global Perspective},
	booktitle = {},
	year = {2006},
	pages = {521--551},
}

@INPROCEEDINGS{paper.zhou, 
	author = {Xiaobin, Z. }, 
	booktitle = {Knowledge Discovery and Data Mining, 2010. WKDD '10. Third International Conference on}, 
	title = {A Practical Approach to E-government Performance Evaluation Based on Web Usage Mining}, 
	year = {2010}, 
	month = {Jan}, 
	pages = {154-158}, 
	doi={10.1109/WKDD.2010.85},
}

@INPROCEEDINGS{paper.yen, 
	author = {Evans, D. and Yen, D.}, 
	booktitle = {Government Information Quarterly}, 
	title = {E-Government: Evolving relationship of citizens and government, domestic, and international development}, 
	year = {2006}, 
	month = {}, 
	pages = {207-235}, 
	doi={10.1016/j.giq.2005.11.004},
}

@INPROCEEDINGS{paper.mathew, 
author={Mathew, A.R. and Al Hajj, A. and Al Abri, A.}, 
booktitle={Computer Science and Automation Engineering (CSAE), 2011 IEEE International Conference on}, 
title={Human-Computer Interaction (HCI): An overview}, 
year={2011}, 
month={June}, 
volume={1}, 
pages={99-100}, 
keywords={embedded systems;human computer interaction;interactive systems;HCI;desktop systems;embedded systems;human-computer interaction;interactive computing systems;system functionality;system usability;Computers;Human computer interaction;Humans;Robot sensing systems;Speech recognition;Usability;GPS;HCI;PDAs;RFID}, 
doi={10.1109/CSAE.2011.5953178},}

@inproceedings{paper.dahlan,
	author = {Nariman, Dahlan},
	title = {E-Government websites Evaluation using Correspondence Analysis},
	booktitle = {2010 International Conference on Complex, Inteligent and Software Intensive System},
	series = {JSSPP '01},
	year = {2010},
	isbn = {3-540-42817-8},
	pages = {87--102},
	numpages = {16},
	url = {http://dl.acm.org/citation.cfm?id=646382.689682},
	acmid = {689682},
	publisher = {Springer-Verlag},
	address = {London, UK, UK},
}
@INPROCEEDINGS{paper.alotaibi, 
	author={Alotaibi, M.B.}, 
	booktitle={Information Technology: New Generations (ITNG), 2013 Tenth International Conference on}, 
	title={Assessing the Usability of University Websites in Saudi Arabia: A Heuristic Evaluation Approach}, 
	year={2013}, 
	month={April}, 
	pages={138-142}, 
	keywords={Web sites;educational institutions;Saudi Arabia;data entry form;government university;heuristic evaluation approach;private university;university Website usability assessment;Educational institutions;Electronic government;Navigation;Security;Usability;Visualization;Evaluation;Heuristic;Saudi Arabia;University Websites;Usability}, 
	doi={10.1109/ITNG.2013.26},}
@inproceedings{paper.garcia,
	author = {Garcia, A.C.B. and Maciel, C. and Pinto F.B.},
	title = {A Quality Inspection Method to Evaluate E-Government Sites},
	booktitle = {Proceeding of the International Conference on Electronic Government EGOV2005},
	series = {In M.A. Wimmer et al. (Eds.)},
	year = {2005},
	isbn = {},
	pages = {},
	numpages = {},
	url = {http://www.addlabs.uff.br/Novo_Site_ADDLabs/images/documentos/publicacoes/trabalhos_anais_congresso/2005/ac1_65.pdf},
	acmid = {},
	publisher = {Springer-Verlag},
	address = {Berlin, Germany},
}
@inproceedings{paper.smith,
	author = {Smith, C. and Mayes, T.},
	title = {Telematics Applications for Education and Training: Usability Guide. Comission of the European Communities},
	booktitle = {DGXIII Project},
	series = {},
	year = {1996},
	isbn = {},
	pages = {},
	numpages = {},
	url = {},
	acmid = {},
	publisher = {DGXIII Project},
	address = {},
}
@inproceedings{paper.pearse,
	author = {Pearse, Noel},
	title = {Deciding on the Scale Granularity of Response Categories
	of Likert type Scales: The Case of a 21-Point Scale},
	booktitle = {EJBRM Volume 9 Issue 2},
	series = {EJBRM},
	year = {2011},
	isbn = {},
	pages = {},
	numpages = {},
	url = {},
	acmid = {},
	publisher = {The Electronic Journal of Business Research Methods},
	address = {},
}
%%%%%%%%%%%%%%%%%%%%%%%%%%%%%% Lainnya %%%%%%%%%%%%%%%%%%%%%%%%%%%%%%%

@MISC{ppt.schwab,
  author = {Schwab, J.},
  title = {Assumption of normality},
  howpublished = {\url{http://www.utexas.edu/courses/schwab/sw388r7/SolvingProblems/AssumptionOfNormality.ppt}},
  year = {2003},
  note = {[Diakses 2 Mei 2015]}
}

@MISC{ho.newsom,
  author = {Newsom, Jason T.},
  title = {Levels of Measurement and Choosing the Correct Statistical Test},
  howpublished = {\url{http://www.upa.pdx.edu/IOA/newsom/da1/ho_levels.pdf}},
  year = {2013},
  note = {[Diakses 12 Juni 2015]}
}


%%%%%%%%%%%%%%%%%%%%%%%%%%%%%% Berita%%%%%%%%%%%%%%%%%%%%%%%%%%%%%%%
@MISC{article.nielsen,
  author = {Nielsen, J.},
  title = {10 Usability Heuristics for User Interface Design},
  howpublished = {\url{http://www.nngroup.com/articles/ten-usability-heuristics/}},
  year = {1995},
  note = {[Diakses 29 April 2015]}
}
@MISC{article.nielsen2,
	author = {Nielsen, J.},
	title = {Usability 101: Introduction to Usability},
	howpublished = {\url{http://www.nngroup.com/articles/usability-101-introduction-to-usability/}},
	year = {2012},
	note = {[Diakses 29 April 2015]}
}
@MISC{article.rohrer,
  author = {Rohrer, C.},
  title = {When to Use Which User-Experience Research Methods},
  howpublished = {\url{http://www.nngroup.com/articles/which-ux-research-methods/}},
  year = {2014},
  note = {[Diakses 30 April 2015]}
}
@MISC{article.sarwono,
  author = {Sarwono, J.},
  title = {Mengubah data ordinal ke data interval dengan metode suksesif interval(MSI)},
  howpublished = {\url{http://www.jonathansarwono.info/teori_spss/msi.pdf}},
  year = {2012},
  note = {[Diakses 31 April 2015]}
}
@MISC{article.setiawan,
  author = {Setiawan, N.},
  title = {Uji Normalitas SPSS},
  howpublished = {\url{http://statistikceria.blogspot.com/2012/12/tutorial-uji-normalitas-dengan-spss.html}},
  year = {2012},
  note = {[Diakses 31 April 2015]}
}
@MISC{article.shier,
  author = {Shier, Rossie.},
  title = {Paired t-test},
  howpublished = {\url{http://www.statstutor.ac.uk/resources/uploaded/paired-t-test.pdf}},
  year = {2004},
  note = {[Diakses 17 Mei 2015]}
}
@MISC{article.raharjo,
	author = {Raharjo, Sahid},
	title = {Cara Melakukan Uji Reliabilitas Alpha Cronbach's dengan SPSS},
	howpublished = {\url{http://www.spssindonesia.com/2014/01/uji-reliabilitas-alpha-spss.html}},
	year = {2014},
	note = {[Diakses 9 Juni 2015]}
}
@MISC{article.wilcoxon,
	author = {Anonim},
	title = {Wilcoxon Signed-Rank Test using SPSS Statistics},
	howpublished = {\url{https://statistics.laerd.com/spss-tutorials/wilcoxon-signed-rank-test-using-spss-statistics.php}},
	year = {2013},
	note = {[Diakses 20 Mei 2015]}
}
@MISC{article.ttest,
	author = {Anonim},
	title = {Dependent T-Test using SPSS},
	howpublished = {\url{https://statistics.laerd.com/spss-tutorials/dependent-t-test-using-spss-statistics.php}},
	year = {2013},
	note = {[Diakses 20 Mei 2015]}
}
@MISC{article.ucla,
	author = {Anonim},
	title = {What statistical analysis should I use? Statistical analyses using SPSS},
	howpublished = {\url{http://www.ats.ucla.edu/stat/spss/whatstat/whatstat.htm}},
	year = {2013},
	note = {[Diakses 20 Mei 2015]}
}
@MISC{article.evie,
	author = {McCrum-Gardner, Evie},
	title = {Which is the correct statistical test to use?},
	howpublished = {\url{http://www.researchgate.net/publication/5883796_Which_is_the_correct_statistical_test_to_use}},
	year = {2007},
	note = {[Diakses 20 Mei 2015]}
}
@MISC{article.noir,
	author = {Sauro, Jeff},
	title = {Fundamentals of Statistics 1: Basic Concepts :: Nominal, Ordinal, Interval and Ratio},
	howpublished = {\url{http://www.usablestats.com/lessons/noir}},
	year = {2010},
	note = {[Diakses 11 Juni 2015]}
}
@MISC{article.5ux,
	author = {Nielsen, J.},
	title = {Usability 101: Introduction to Usability},
	howpublished = {\url{http://www.usablestats.com/lessons/noir}},
	year = {2012},
	note = {[Diakses 31 April 2015]}
}
@MISC{article.csse,
	author = {Markham, Selby},
	title = {Parametric versus non-parametric},
	howpublished = {\url{http://www.csse.monash.edu.au/~smarkham/resources/param.htm}},
	year = {2000},
	note = {[Diakses 7 Juli 2015]}
}
@MISC{article.peter,
	author = {Morville, P.},
	title = {User Experience Design},
	howpublished = {\url{http://semanticstudios.com/user_experience_design/}},
	year = {2004},
	note = {[Diakses 31 April 2015]}
}